@misc
{ref1,
  title={titre site},
  year={...},
  note={www.site.com}
}
